<?xml version="1.0" encoding="UTF-8"?><collection><record><leader>07819ntm a2200697 a 4500</leader><controlfield tag="001">006818236</controlfield><controlfield tag="003">MiAaHDL</controlfield><controlfield tag="005">20190719000000.0</controlfield><controlfield tag="006">m        d        </controlfield><controlfield tag="007">cr bn ---auaua</controlfield><controlfield tag="008">090612m17901797tu            00| ||ota d</controlfield><datafield tag="035" ind1=" " ind2=" "><subfield code="a">(MiU)006818236</subfield></datafield><datafield tag="035" ind1=" " ind2=" "><subfield code="a">sdr-miu006818236</subfield></datafield><datafield tag="040" ind1=" " ind2=" "><subfield code="a">MiU</subfield><subfield code="c">MiU</subfield><subfield code="e">amremm</subfield></datafield><datafield tag="041" ind1="0" ind2=" "><subfield code="a">ota</subfield></datafield><datafield tag="043" ind1=" " ind2=" "><subfield code="a">n-us-mi</subfield><subfield code="a">a-tu---</subfield></datafield><datafield tag="100" ind1="0" ind2=" "><subfield code="6">880-01</subfield><subfield code="a">Mustafa bin Ali,</subfield><subfield code="c">Muvakkit,</subfield><subfield code="d">-1571.</subfield></datafield><datafield tag="245" ind1="1" ind2="0"><subfield code="6">880-03</subfield><subfield code="a">[Vafiyetü'l-evkat ve Kifayetü'l-vakit li-marifeti'd-dair ve'l-fazle ve's-semt,</subfield><subfield code="f">1211, i.e. 1796 or 1797 and 1204, i.e. 1790].</subfield></datafield><datafield tag="246" ind1="3" ind2=" "><subfield code="a">Wāfiyat al-awqāt</subfield></datafield><datafield tag="246" ind1="3" ind2=" "><subfield code="a">Vâfîyetü'l-evkât</subfield></datafield><datafield tag="260" ind1=" " ind2=" "><subfield code="a">[Istanbul?,</subfield><subfield code="c">1796 or 1797 and 1790].</subfield></datafield><datafield tag="300" ind1=" " ind2=" "><subfield code="a">50 leaves :</subfield><subfield code="b">paper ;</subfield><subfield code="c">177 x 118 (125 x 70) mm.</subfield></datafield><datafield tag="500" ind1=" " ind2=" "><subfield code="a">Shelfmark: Ann Arbor, University of Michigan, Special Collections Library, Isl. Ms. 830</subfield></datafield><datafield tag="500" ind1=" " ind2=" "><subfield code="a">Origin: As appears in colophon on p.65, opening work copied by Mehmet bin Abdürrahman, khaṭīb in the Ayasofya Camii, with transcription completed in 1211 [1796 or 7]. As appears in colophon on p.101-102, transcription for second work executed by the same copyist (Darzade Mehmet bin Abdurrahman) and completed 18 Rajab 1204 [ca. 3 April 1790].</subfield></datafield><datafield tag="500" ind1=" " ind2=" "><subfield code="a">Accompanying materials: Two scraps with listing of numerical values of the Arabic letters according to abjad (paginated pp.67-70).</subfield></datafield><datafield tag="500" ind1=" " ind2=" "><subfield code="a">Binding: Pasteboards covered in marbled paper (mainly in blue, salmon (orange) and white) with spine and edges/turn-ins in red leather (framed binding) ; Type III binding (without flap) ; board linings in pale blue laid paper ; sewn in pale yellow thread, two stations ; overall in fair condition with some abrasion, staining, lifting and losses of paper, small for text block, etc.</subfield></datafield><datafield tag="500" ind1=" " ind2=" "><subfield code="a">Support: European laid paper with 12 laid lines per cm. (horizontal), chain lines spaced 21 mm. apart (vertical), and watermark of lion with "A" visible underneath (see p.12,13, etc., face and tail visible in p.10,16, etc.), well-burnished to glossy, cream in color, thin and transluscent though sturdy.</subfield></datafield><datafield tag="500" ind1=" " ind2=" "><subfield code="a">Decoration: Keywords and section headings rubricated ; overlining in red.</subfield></datafield><datafield tag="500" ind1=" " ind2=" "><subfield code="a">Script: Nastaʻlīq (talik) ; elegant Turkish hand ; serifless with slight inclination to the right and effect of words descending to baseline, elongation of horizontal strokes, pointing (for two and three dots) in strokes rather than distinct dots.</subfield></datafield><datafield tag="500" ind1=" " ind2=" "><subfield code="a">Layout: Written in 17 lines per page ; frame-ruled.</subfield></datafield><datafield tag="500" ind1=" " ind2=" "><subfield code="a">Collation: VI (12), V (22), 2 VI(46), II (50) ; several senions with quaternion and binion ; catchwords present ; pagination in pencil, Western numerals, supplied during digitization (includes inserts).</subfield></datafield><datafield tag="500" ind1=" " ind2=" "><subfield code="a">Colophon: [Vafiyetü'l-evkat] "قد تم هذه الرسالة عن يد عبد الضعيف المحتاج الى رحمة ربه الغفور محمد بن عبد الرحمن الخطيب فى جامع ايا صوفيه غفر الله له ولوالديه واحسن اليهما واليه لسنه احدى عشر ومائتين والف م" ; [Kifayetü'l-vakit li-marifeti'd-dair ve'l-fazle ve's-semt] "تمت الرسالة بعون الله تعالى تماما فى ۱۸ ب سنه ۱۲٠٤ قد تم هذه الرسالة عن يد عبد الضعيف المحتاج الى رحمة ربه الغفور محمد بن عبد الرحمن الملقب بطار زاده غفر الله له ولوالديه واحسن اليهما واليه"</subfield></datafield><datafield tag="500" ind1=" " ind2=" "><subfield code="a">Explicit: [Vafiyetü'l-evkat] "صونيه وارنجه در يكلوكى سكز زراع اولمش اولدر" ; [Kifayetü'l-vakit li-marifeti'd-dair ve'l-fazle ve's-semt] "در قوس ارتفاع اوزرينه وضع ايلدك بو تقدير جه حيط سمت قبله يه مطابق اولدى قبله دحى قوس ارتفاعك طرفنه واقع اولدى"</subfield></datafield><datafield tag="500" ind1=" " ind2=" "><subfield code="a">Incipit: [Vafiyetü'l-evkat] "الحمد لله رب العالمين وصلى الله على سيدنا محمد سيد الاولين والاخرين وعلى سائر الانبياء والمرسلين وعلى اله وصحبه اجمعين اما بعد بو عبد ضعيف المحتاج الى رحمة ربه الغفور مصطفى بن على الموقت بجامع الحاقانى السليمى ... ايدر ديلدمكه ربع مجيب ديمكله متعارف اولان الات رصديه ايجنده افاقى اولوب ... وبو رساله يه وافية الاوقات تسميه ايلدم ..." ; [Kifayetü'l-vakit li-marifeti'd-dair ve'l-fazle ve's-semt] "الحمد لله الذى جعل البحر الاخضر الفلك قناطير المقطنرات ... وبعد بو احقر عباد الله مصطفى بن على الموقت بجامع الحاقانى السليمى ... وبو رساله يي كفاية الوقت لمعرفة الدائر والفضله والسمت برله تسميه ايدم ..."</subfield></datafield><datafield tag="500" ind1=" " ind2=" "><subfield code="a">Title supplied by cataloguer from opening matter of first work (p.4) and opening matter of second work (p.74).</subfield></datafield><datafield tag="500" ind1=" " ind2=" "><subfield code="a">Ms. codex.</subfield></datafield><datafield tag="505" ind1="0" ind2=" "><subfield code="a">4. p.103-104 : [blank].</subfield></datafield><datafield tag="505" ind1="0" ind2=" "><subfield code="a">3. p.74-p.102 : Kifayetü'l-vakit li-marifeti'd-dair ve'l-fazle ve's-semt / Mustafa bin Ali Muvakkit.</subfield></datafield><datafield tag="505" ind1="0" ind2=" "><subfield code="a">2. p.66-p.73 : [blank, with pp.67-70 representing two paginated inserts].</subfield></datafield><datafield tag="505" ind1="0" ind2=" "><subfield code="a">1. p.4-p.65 : Vafiyetü'l-evkat / Mustafa bin Ali Muvakkit.</subfield></datafield><datafield tag="510" ind1="4" ind2=" "><subfield code="a">King, D. A Survey of the scientific manuscripts in the Egyptian National Library. (Winona Lake, 1986),</subfield><subfield code="c">no.H10</subfield></datafield><datafield tag="510" ind1="4" ind2=" "><subfield code="a">Brit. Mus. Cat. Turkish MSS.,</subfield><subfield code="c">p.121</subfield></datafield><datafield tag="520" ind1="8" ind2=" "><subfield code="a">Careful copy of two treatises by Muvakkit Mustafa b. Ali (d.1571), timekeeper in the mosque of Sultan Selim II (r.1566-1574), the first on the use of the sine quadrant (rubʻ mujayyab) in 22 bābs and the second on the use of the almucantar or bridged quadrant (rubʻ al-muqanṭarāt) in 12 bābs.</subfield></datafield><datafield tag="538" ind1=" " ind2=" "><subfield code="a">Mode of access: Internet.</subfield></datafield><datafield tag="541" ind1=" " ind2=" "><subfield code="a">Purchased in Cairo, 1933/34.</subfield></datafield><datafield tag="546" ind1=" " ind2=" "><subfield code="a">Ottoman Turkish.</subfield></datafield><datafield tag="561" ind1=" " ind2=" "><subfield code="a">Possible former inventory marks "Rıza 5" and "K.24" along with inscription "Turkish. On Astronomy. Mustafa bin Ali" on upper board lining ; on verso of opening leaf (p.2), ownership / purchase [?] statement in name of Nasîbzade Abdürrahman (نصيب زاده السيد عبد الرحمن ) who acquired the book from the copyist Darzade Mehmet Efendi ( طار زاده محمد افندى ) accompanied by circular seal impression (possibly dated 1221 [1806 or 7]) ; occasional marginal correction ; childish scribbles at opening and close of codex.</subfield></datafield><datafield tag="650" ind1=" " ind2="0"><subfield code="a">Manuscripts, Turkish</subfield><subfield code="z">Michigan</subfield><subfield code="z">Ann Arbor.</subfield></datafield><datafield tag="650" ind1=" " ind2="0"><subfield code="a">Time measurements</subfield><subfield code="v">Early works to 1800.</subfield></datafield><datafield tag="650" ind1=" " ind2="0"><subfield code="a">Horology</subfield><subfield code="v">Early works to 1800.</subfield></datafield><datafield tag="650" ind1=" " ind2="0"><subfield code="a">Quadrants (Astronomical instruments)</subfield><subfield code="v">Early works to 1800.</subfield></datafield><datafield tag="650" ind1=" " ind2="0"><subfield code="a">Astronomy</subfield><subfield code="z">Turkey</subfield><subfield code="v">Early works to 1800.</subfield></datafield><datafield tag="700" ind1="0" ind2=" "><subfield code="6">880-07</subfield><subfield code="a">Darzade Mehmet bin Abdürrahman,</subfield><subfield code="d">fl. 1796,</subfield><subfield code="e">scribe.</subfield></datafield><datafield tag="740" ind1="0" ind2="2"><subfield code="a">Kifāyat al-waqt li-maʻrifat al-dāʼir wa-faḍlih wa-al-samt</subfield></datafield><datafield tag="740" ind1="0" ind2="2"><subfield code="a">Kifayetü'l-vakt li-ma'rifeti'd-dair ve fazli'd-dair ve's-semt</subfield></datafield><datafield tag="740" ind1="0" ind2="2"><subfield code="a">كفاية الواقت لمعرفة الدائر والفضله والسمت</subfield></datafield><datafield tag="740" ind1="0" ind2="2"><subfield code="a">Kifayetü'l-vakit li-marifeti'd-dair ve'l-fazle ve's-semt</subfield></datafield><datafield tag="773" ind1="0" ind2=" "><subfield code="a">Tracy W. McGregor Collection of Arabic, Persian, and Turkish Mathematical and Astronomical Manuscripts.</subfield></datafield><datafield tag="880" ind1="0" ind2=" "><subfield code="6">700-07/</subfield><subfield code="a">طار زاده محمد بن عبد الرحمن,</subfield><subfield code="e">ناسخ.</subfield></datafield><datafield tag="880" ind1="1" ind2="0"><subfield code="6">245-03/</subfield><subfield code="a">[وفاية الاوقات و كفاية الوقت لمعرفة الدائر والفضله والسمت,</subfield><subfield code="f">1211ه, 1796 او 1797م و 1204ه, 1790م].</subfield></datafield><datafield tag="880" ind1="0" ind2=" "><subfield code="6">100-01/</subfield><subfield code="a">مصطفى بن على,</subfield><subfield code="c">موقت.</subfield></datafield><datafield tag="CID" ind1=" " ind2=" "><subfield code="a">006818236</subfield></datafield><datafield tag="DAT" ind1="0" ind2=" "><subfield code="a">20190719102639.0</subfield><subfield code="b">20190719000000.0</subfield></datafield><datafield tag="DAT" ind1="1" ind2=" "><subfield code="a">20190719090653.0</subfield><subfield code="b">2019-07-19T16:10:27Z</subfield></datafield><datafield tag="DAT" ind1="2" ind2=" "><subfield code="a">2015-10-02T18:00:03Z</subfield></datafield><datafield tag="CAT" ind1=" " ind2=" "><subfield code="a">SDR-MIU</subfield><subfield code="d">EX LIBRIS - ALEPH</subfield><subfield code="l">prepare.pl-004-008</subfield></datafield><datafield tag="FMT" ind1=" " ind2=" "><subfield code="a">BK</subfield></datafield><datafield tag="HOL" ind1=" " ind2=" "><subfield code="0">sdr-miu006818236</subfield><subfield code="a">MiU</subfield><subfield code="b">SDR</subfield><subfield code="c">MIU</subfield><subfield code="p">mdp.39015079129865</subfield><subfield code="s">MIU</subfield><subfield code="1">006818236</subfield></datafield><datafield tag="974" ind1=" " ind2=" "><subfield code="b">MIU</subfield><subfield code="c">MIU</subfield><subfield code="d">20190719</subfield><subfield code="s">lit-dlps-dc</subfield><subfield code="u">mdp.39015079129865</subfield><subfield code="y">1797</subfield><subfield code="r">pd</subfield><subfield code="q">bib</subfield><subfield code="t">non-US bib date2, date type m &lt; 1896</subfield></datafield></record></collection>